@article{Cruzeiro2024,
  author    = {Cruzeiro, E.Z. and De Mol, C. and Massar, S. and others},
  title     = {Quantum-inspired classification based on quantum state discrimination},
  journal   = {Quantum Machine Intelligence},
  volume    = {6},
  pages     = {79},
  year      = {2024},
  doi       = {10.1007/s42484-024-00216-6}
}
